@online{Amber2014,
    author  = {Ambler, Scott W.},
    title   = {User Stories: An Agile Introduction},
    url     = {http://www.agilemodeling.com/artifacts/userStory.htm#InitialInformal},
    urldate = {2019-09-03},
    year    = {2014}
}

@online{Anderson2016,
    author  = {Anderson, David},
    title   = {Scrumsplaining \#2: There Is No Sense Of Urgency With Kanban},
    url     = {https://djaa.com/scrumsplaining-2-there-is-no-sense-of-urgency-with-kanban/},
    urldate = {2019-09-07},
    year    = {2016},
    month   = {01},
    day     = {11}
}

@techreport{Bradner1997,
    author = {Bradner, S.},
    title = {Key words for use in RFCs to Indicate Requirement Levels (BCP 14)},
    howpublished = {Internet Requests for Comments},
    type = {RFC},
    number = {2119},
    pages = {1--3},
    year = {1997},
    month = {03},
    publisher = {Network Working Group},
    institution = {Harvard University},
    url = {https://www.ietf.org/rfc/rfc2119.txt}
}

@online{Burris,
    author  = {Burris, Eddie},
    title   = {Capturing Requirements with Use Cases},
    url     = {http://sce2.umkc.edu/BIT/burrise/pl/usecasemodeling/},
    urldate = {2019-09-03}
}

@article{DBpedia2009,
title = {DBpedia - A crystallization point for the Web of Data},
journal = {Journal of Web Semantics},
volume = {7},
number = {3},
pages = {154--165},
year = {2009},
note = {The Web of Data},
issn = {1570-8268},
doi = {https://doi.org/10.1016/j.websem.2009.07.002},
url = {http://www.sciencedirect.com/science/article/pii/S1570826809000225},
author = {Christian Bizer and Jens Lehmann and Georgi Kobilarov and Sören Auer and Christian Becker and Richard Cyganiak and Sebastian Hellmann}
}

@techreport{Erickson2014,
  author =	{Erickson, John and Maali, Fadi and Archer, Phil},
  title =	{Data Catalog Vocabulary ({DCAT})},
  month =	{01},
  url = 	{https://www.w3.org/TR/vocab-dcat/},
  year = 	{2014},
  type = 	{{W3C} Recommendation},
  institution =  {W3C},
}

@online{Farcic2014,
    author  = {Farcic, Viktor},
    title   = {Iterative and Incremental Development},
    year = {2014},
    url     = {https://technologyconversations.com/2014/01/21/software-development-models-iterative-and-incremental-development/},
    urldate = {2019-11-03}
}

@book{Fensel2005,
  title={Spinning the Semantic Web: Bringing the World Wide Web to Its Full Potential},
  author={Fensel, D.},
  isbn={9780262562126},
  lccn={2002016503},
  series={Mit Press},
  url={https://books.google.de/books?id=zQ34EoZO2IYC},
  year={2005},
  publisher={MIT Press}
}


@proceedings{Garoufallou2015,
  title = {Metadata and Semantics Research},
  booktitle = {9th Research Conference, MTSR 2015, Manchester, UK, September 9-11, 2015, Proceedings},
  author={Garoufallou, Emmanouel and Hartley, Richard J. and Gaitanou, Panorea},
  isbn = {9783319241296},
  series = {Communications in Computer and Information Science},
  url = {https://books.google.de/books?id=foGBCgAAQBAJ},
  year = {2015},
  publisher = {Springer International Publishing}
}


@book{Gargouri2010,
  title={Ontology Theory, Management and Design: Advanced Tools and Models: Advanced Tools and Models},
  author={Gargouri, Faiez},
  isbn={9781615208609},
  lccn={2009053383},
  series={IGI Global research collection},
  url={https://books.google.de/books?id=8BDcycIkLdwC},
  year={2010},
  publisher={Information Science Reference}
}

@book{Gasevic2009,
  title={Model Driven Engineering and Ontology Development},
  author={Ga{\v{s}}evic, D. and Selic, B.V. and B{\'e}zivin, J. and Djuric, D. and Deved{\v{z}}ic, V.},
  isbn={9783642002823},
  lccn={2009921153},
  url={https://books.google.de/books?id=s-9yu7ubSykC},
  year={2009},
  publisher={Springer Berlin Heidelberg}
}


@article{IEEEVocabulary,
author  = {{ISO/IEC/IEEE}},
journal = {ISO/IEC/IEEE 24765:2010(E)},
title   = {ISO/IEC/IEEE International Standard - Systems and software engineering -- Vocabulary},
year    = {2010},
pages   = {1-418},
doi     = {10.1109/IEEESTD.2010.5733835},
month   = {12},
url     = {https://ieeexplore.ieee.org/document/5733835},
urldate = {2019-09-03},
note    = {Accessible at: \url{https://www.smaele.nl/documents/iso/ISO-24765-2010.pdf}}
}

@techreport{Jacobson2011,
 author = {Jacobson, Ivar and Spence, Ian and Bittner, Kurt},
 title = {Use-Case 2.0: The Guide to Succeeding with Use Cases},
 month = {12},
 year = {2011},
 url = {https://www.ivarjacobson.com/sites/default/files/field_iji_file/article/use-case_2_0_jan11.pdf}
} 


@online{Jailall2018,
    author  = {Jailall, Robert},
    title   = {It doesn't work: Story points, planning poker, software prediction},
    url     = {https://medium.com/@imprisonevery1/it-doesnt-work-story-points-planning-poker-software-prediction-2bfaefaf59ea},
    urldate = {2019-09-03},
    year    = {2018},
    month   = {04},
    day     = {02}
}

@online{Kerievsky2012,
    author  = {Kerievsky, Joshua},
    title   = {Stop Using Story Points},
    url     = {https://www.industriallogic.com/blog/stop-using-story-points/},
    urldate = {2019-09-04},
    year    = {2012},
    month   = {09}
}


@book{Khosrow2006,
  title={Dictionary of Information Science and Technology},
  author={Khosrow-Pour, M.},
  number={Bd. 1},
  isbn={9781599043869},
  lccn={2006030015},
  series={Dictionary of Information Science and Technology},
  url={https://books.google.de/books?id=KVQB9Mhx6d8C},
  year={2006},
  publisher={Idea Group Reference}
}


@online{Krimmer2017,
    author  = {Krimmer, Dominic},
    title   = {Why We Kicked Estimation Meetings (And Maybe You Should Too)},
    url     = {https://www.dkrimmer.de/2017/09/04/why-we-kicked-our-estimation-meetings/},
    urldate = {2019-09-04},
    year    = {2017},
    month   = {09}
}

@article{Lohmann2016,
  author    = {Steffen Lohmann and Stefan Negru and Florian Haag and Thomas Ertl},
  title     = {Visualizing Ontologies with {VOWL}},
  journal   = {Semantic Web},
  volume    = {7},
  number    = {4},
  pages     = {399--419},
  year      = {2016},
  url       = {http://www.semantic-web-journal.net/content/visualizing-ontologies-vowl-0},
  urldate   = {2019-09-30},
  doi       = {10.3233/SW-150200}
}

@techreport{Miller2014,
    author = {Miller, Libby and Brickley, Dan},
    title = {FOAF Vocabulary Specification (0.99)},
    type = {Namespace},
    year = {2014},
    month = {01},
    url = {http://xmlns.com/foaf/spec/}
}

@techreport{PastorSanchez2015,
  title = {UNESKOS Vocabulary},
  author = {Pastor-Sanchez, Juan-Antonio},
  type = {Namespace},
  year = {2015},
  url = {http://skos.um.es/TR/uneskos/}
}

@book{Powers2003,
  title={Practical RDF: Solving Problems with the Resource Description Framework},
  author={Powers, S.},
  isbn={9780596550516},
  url={https://books.google.de/books?id=VfcX9wJEH3YC},
  year={2003},
  publisher={O'Reilly Media}
}

@article{Ramachandran2017,
  author = {Ramachandran, R},
  title = {react-trello},
  year = {2017},
  journal = {GitHub},
  url = {https://github.com/rcdexta/react-trello},
  note = {Initial Commit: \url{https://github.com/rcdexta/react-trello/tree/ab72f5fc9b7f253ee8b22aace169c33a0efe5bc1}. GitHub Repository.}
}

@book{Shaposhnik2015,
  title={Practical Graph Analytics with Apache Giraph},
  author={Shaposhnik, Roman and Martella, Claudio and Logothetis, Dionysios},
  isbn={9781484212516},
  lccn={2016427427},
  url={https://books.google.de/books?id=FWb\_CgAAQBAJ},
  year={2015},
  publisher={Apress}
}

@article{Stanley2013,
    author = {Stanley, Matthew and Moussa, Malaak and Paolini, Brielle and Lyday, Robert and Burdette, Jonathan and Laurienti, Paul},
    title = {Defining nodes in complex brain networks},
    journal = {Frontiers in Computational Neuroscience},      
    volume = {7},
    pages = {169},     
    year = {2013},
    url={https://www.frontiersin.org/article/10.3389/fncom.2013.00169},
    doi={10.3389/fncom.2013.00169},
    issn={1662-5188},
    urldate = {2019-09-15}
}

@article{Stoica2016,
    author = {Stoica, Marian and Ghilic-Micu, Bogdan and Mircea, Marinela and USCATU, Cristian},
    year = {2016},
    month = {12},
    pages = {5-14},
    title = {Analyzing Agile Development – from Waterfall Style to Scrumban},
    volume = {20},
    journal = {Informatica Economica},
    doi = {10.12948/issn14531305/20.4.2016.01},
    url = {http://www.revistaie.ase.ro/content/80/01%20-%20Stoica,%20Ghilic,%20Mircea,%20Uscatu.pdf},
    urldate = {2019-09-30}
}

@article{Tong2015,
    author = {Tong, Qiang and Zhang, Fu and Cheng, Jingwei},
    year = {2015},
    pages = {237},
    title = {Construction of RDF(S) from UML class diagrams},
    volume = {22},
    journal = {Journal of Computing and Information Technology},
    doi = {10.2498/cit.1002459},
    url = {https://www.semanticscholar.org/paper/Construction-of-RDF(S)-from-UML-Class-Diagrams-Tong-Zhang/fd18ef8838a8ca8ee57c6a806ad00479d615f717}
}


@techreport{UNESCO,
  author = {UNESCO},
  title = {UNESCO Thesaurus},
  institution = {UNESCO},
  type = {Thesaurus},
  year = {1977},
  url = {http://vocabularies.unesco.org/browser/thesaurus/en/}
}

@techreport{DublinCoreTerms,
  author      = {{DCMI Usage Board}},
  title       = {DCMI Metadata Terms},
  url        = {https://www.dublincore.org/specifications/dublin-core/dcmi-terms/},
  year        = {2002},
  institution = {Dublin Core}
}


@techreport{RDF1997,
  author      = {Miller, Eric and Schloss, Bob},
  title       = {Resource Description Framework (RDF)},
  month       = {10},
  url        = {https://www.w3.org/TR/rdf11-concepts/},
  year        = {1997},
  type        = {{W3C} Recommendation},
  institution = {W3C}
}

@techreport{RDFS1999,
  author      = {Brickley, Dan and Guha, Ramanathan V.},
  title       = {Resource Description Framework (RDF)},
  month       = {03},
  url        = {https://www.w3.org/TR/rdf-schema/},
  year        = {1999},
  type        = {{W3C} Recommendation},
  institution = {W3C}
}

@techreport{OWL2004,
  author      = {McGuinness, Deborah L. and van Harmelen, Frank},
  title       = {OWL Web Ontology Language (OWL)},
  month       = {07},
  url        = {https://www.w3.org/TR/owl2-overview/},
  year        = {2004},
  type        = {{W3C} Recommendation},
  institution = {W3C}
}

@techreport{SHACL2015,
  author      = {Knublauch, Holger and Kontokostas, Dimitris},
  title       = {Shapes Constraint Language ({SHACL})},
  month       = {7},
  url        = {https://www.w3.org/TR/shacl/},
  year        = {2015},
  type        = {{W3C} Recommendation},
  institution = {W3C}
}

@techreport{W3CDialog2015,
  author      = {W3C},
  title       = {WAI-ARIA Authoring Practices 1.1},
  url         = {https://www.w3.org/TR/wai-aria-practices/#dialog_modal},
  year        = {2015},
  type        = {W3C Working Group Note 14 August 2019},
  institution = {W3C},
}

@online{W3COntologies,
  author      = {W3C},
  title       = {Ontologies / Vocabularies},
  url         = {https://www.w3.org/standards/semanticweb/ontology.html},
  urldate = {2019-09-04}
}


@online{Wilder-James,
    author = {Wilder-James, Edd},
    title = {DOAP: Description Of A Project},
    month = {03},
    url = {http://usefulinc.com/ns/doap\#},
    year = {2004},
    urldate = {2019-10-02}
}



